<record><leader>00000cas a22000007a 4500</leader><controlfield tag="001">13983104</controlfield><controlfield tag="008">860730c19549999txucr ne      0    0eng d</controlfield><datafield ind1=" " ind2=" " tag="010"><subfield code="a">sn 86088194 </subfield></datafield><datafield ind1=" " ind2=" " tag="040"><subfield code="a">PPM</subfield><subfield code="b">eng</subfield><subfield code="c">PPM</subfield><subfield code="d">OCLCQ</subfield></datafield><datafield ind1=" " ind2=" " tag="042"><subfield code="a">msc</subfield></datafield><datafield ind1="0" ind2="4" tag="245"><subfield code="a">The Brownfield news and Terry County herald.</subfield></datafield><datafield ind1="1" ind2="3" tag="246"><subfield code="a">News-herald</subfield></datafield><datafield ind1="3" ind2="0" tag="246"><subfield code="a">Brownfield news herald</subfield></datafield><datafield ind1=" " ind2=" " tag="260"><subfield code="a">Brownfield, Tex. :</subfield><subfield code="b">Curtis J. Sterling,</subfield><subfield code="c">1954-</subfield></datafield><datafield ind1=" " ind2=" " tag="300"><subfield code="a">v. :</subfield><subfield code="b">ill.</subfield></datafield><datafield ind1=" " ind2=" " tag="310"><subfield code="a">Semiweekly,</subfield><subfield code="b">May 5, 1957-</subfield></datafield><datafield ind1=" " ind2=" " tag="321"><subfield code="a">Weekly,</subfield><subfield code="b">Nov. 5, 1954-May 2, 1957</subfield></datafield><datafield ind1="0" ind2=" " tag="362"><subfield code="a">Vol. 17, no. 45 (Nov. 5, 1954)-</subfield></datafield><datafield ind1=" " ind2=" " tag="580"><subfield code="a">Formed by the union of: Brownfield news, and: Terry County herald.</subfield></datafield><datafield ind1=" " ind2=" " tag="752"><subfield code="a">United States</subfield><subfield code="b">Texas</subfield><subfield code="c">Terry</subfield><subfield code="d">Brownfield.</subfield></datafield><datafield ind1="1" ind2="4" tag="780"><subfield code="t">Brownfield news</subfield><subfield code="w">(OCoLC)15091407</subfield></datafield><datafield ind1="1" ind2="4" tag="780"><subfield code="t">Terry County herald</subfield><subfield code="w">(OCoLC)13658173</subfield></datafield></record>